@book{
	cryptography,
    Address = {Florida},
    Author = {Douglas R. Stinson},
    Publisher = {CRC Press},
    Title = {Cryptography: theory and practice },
    Year = {1995}
}

@book{
	angewandteKryptographie,
    Address = {Freiburg},
    Author = {Bruce Schneier},
    Publisher = {Prof. Dr. Günther Müller},
    Title = {Angewandte Kryptographie},
    Year = {1996}
}

@book{
	markov,
	Author = {Zdzisław Brzeźniak and Tomasz Zastawniak},
	Title = {Basic Stochastic Processes},
	Year = {1999}
}

@techreport{
	rivest,
	AUTHOR = "Ronald L. Rivest",
	TITLE = {MD5 Message-Digest Algorithm},
	HOWPUBLISHED = {Internet Requests for Comments},
	TYPE={RFC},
	NUMBER=1320,
	YEAR = {1992},
	MONTH = {april},
	ISSN = {2070-1721},
	PUBLISHER = {RFC Editor},
	INSTITUTION = {RFC Editor},
	URL={https://www.rfc-editor.org/rfc/rfc1320.txt}
}


@online{
	dobbertin,
	AUTHOR = "Hans Dobbertin",
	TITLE = {Cryptanalysis of MD4},
	YEAR = {1995},
	MONTH = {october},
	URL={https://pdfs.semanticscholar.org/e878/3ef34f73773fb679aef58d987839313e1b3c.pdf},
	urldate = {2017-01-21}
}

@online{
	boer,
	AUTHOR = "Bert den Boer and Antoon Bosselaers",
	TITLE = {Collisions for the compression function of MD5},
	YEAR = {1993},
	MONTH = {july},
	URL={https://www.esat.kuleuven.be/cosic/publications/article-143.pdf},
	urldate = {2017-01-21}
}


@online{
	schneierSelfStudy,
	Author = {Bruce Schneier},
	Title = {A self-study course in block-cipher cryptoanalysis},
	YEAR = {2000},
	urldate = {2017-01-21},
	URL={https://www.schneier.com/academic/paperfiles/paper-self-study.pdf}
}

@online{
	scrypt,
	Author = {Colin Percival},
	Title = {scrypt: A new key derivation function},
	YEAR = {2009},
	MONTH = {may},
	URL={http://www.tarsnap.com/scrypt/scrypt-slides.pdf},
	urldate = {2017-01-28}
}

@online{
	hashProbleme,
	author = {Rüdiger Weis},
	title = {Hash Probleme},
	url={http://www.cryptolabs.org/hash/WeisCccDsHash05.html},
	Year = {2005},
	Month = {march},
	urldate = {2017-01-28}
}

@online{
	angriffAufMD5uSHA1,
	author = {Helmut Petritsch},
	title = {Aktuelle Angriffe auf SHA und MD5},
	url={http://petritsch.co.at/download/Attacken_auf_MD5uSHA1.pdf},
	Year = {2006},
	urldate = {2017-01-28}
}

@online{
	md4Collision,
	author = {Xiaoyun Wang and Dengguo Feng and Xuejia Lai and HongboYu},
	title = {Collisions for Hash Functions MD4, MD5, HAVAL-128 and RIPEMD},
	url={https://eprint.iacr.org/2004/199.pdf},
	urldate = {2017-01-28},
	Year = {2004},
	Month = {august}
}

@online{
	md4Familie,
	author = {Ulrich Greveler},
	title = {Kryptoanalyse der MD4-Familie},
	url={https://www.ruhr-uni-bochum.de/nds/greveler/papers/DiplomArbeit.pdf},
	Year = {1998},
	Month = {september},
	urldate = {2017-01-28}
}

@online{
	hashDef,
	author = {Eric W. Weisstein},
	title = {Hash Function},
	Year = {2007},
	url = {http://mathworld.wolfram.com/HashFunction.html},
	urldate = {2016-12-11}
}

@online{
	keinePanik,
	author = {Reinhard Wobst and Jürgen Schmidt},
	title = {Konsequenzen der erfolgreichen Angriffe auf SHA-1},
	url = {http://heise.de/-270648},
	Year={2005},
	urldate = {2017-01-15}
}

@online{
schaden,
author={Stephan Dörner},
title={Hacker auf dem Rückzug},
url={http://www.handelsblatt.com/technik/it-internet/it-sicherheit-16-4-milliarden-euro-schaden-durch-internetkriminalitaet/4604434-2.html},
Year={2011},
urldate={2017-01-15}
}

@online{
	sha1Broken,
	author={Bruce Schneier},
	title={SHA-1 Broken},
	url={https://www.schneier.com/blog/archives/2005/02/sha1_broken.html},
	Year={2005},
	urldate={2017-01-25}
}

@online{
	skript,
	author={Lothar Nannen},
	title={Numerische Mathematik A},
	url={https://tiss.tuwien.ac.at/education/course/documents.xhtml?dswid=3351&dsrid=39&courseNr=101313&semester=2019W#},
	Year={2019},
	urldate={2019-12-03}
}

@book{
	ana2,
	Address = {Berlin},
	Author = {Michael Kaltenbäck},
	Publisher = {H. Begehr und R. Gorenflo},
	Title = {Fundament Analysis},
	Year = {2014}
}

@book{
	ana3,
	Address = {Wien},
	Author = {Martin Blümlinger},
	Publisher = {Martin Blümlinger},
	Title = {Analysis 3},
	Year = {2019}
}

@book{
	linag,
	Address = {Berlin},
	Author = {Hans Havlicek},
	Publisher = {H. Begehr und R. Gorenflo},
	Title = {Lineare Algebra für Technische Mathematiker},
	Year = {2012}
}

@online{
	ubung,
	%author={Lothar Nannen},
	title={Numerische Mathematik Übung},
	url={https://tuwel.tuwien.ac.at/course/view.php?id=19681},
	Year={2019},
	urldate={2019-12-23}
}